<?xml version="1.0" encoding="UTF-8"?><collection xmlns="http://www.loc.gov/MARC21/slim"><record><leader>00469nam--2200157-i-4500</leader><controlfield tag="001">000036424</controlfield><controlfield tag="002">20161230</controlfield><controlfield tag="005">20161230201040</controlfield><controlfield tag="008">060222s1000------------r-----000-0-eng-d</controlfield><datafield ind1=" " ind2=" " tag="080"><subfield code="a">535.3(043)</subfield></datafield><datafield ind1=" " ind2=" " tag="100"><subfield code="a">Postma, Bertus</subfield></datafield><datafield ind1=" " ind2=" " tag="245"><subfield code="a">On the theory of refraaction and scattering of light in artificially anistropic media</subfield><subfield code="b">Dissertation</subfield><subfield code="c">Bertus postma</subfield></datafield><datafield ind1=" " ind2=" " tag="260"><subfield code="a">Amsterdam</subfield><subfield code="b">Universiteit</subfield><subfield code="c">1959</subfield></datafield><datafield ind1=" " ind2=" " tag="300"><subfield code="a">74P</subfield></datafield><datafield ind1=" " ind2=" " tag="852"><subfield code="a">77069</subfield><subfield code="c">535</subfield></datafield><datafield ind1=" " ind2=" " tag="CAT"><subfield code="a">Sys</subfield><subfield code="c">20110126</subfield><subfield code="h">135745</subfield></datafield></record></collection>